@article{McGeer01041990,
  author = {McGeer, Tad}, 
  title = {\href{http://ijr.sagepub.com/content/9/2/62.abstract}{Passive Dynamic Walking}}, 
  volume = {9}, 
  number = {2}, 
  pages = {62-82}, 
  year = {1990}, 
  doi = {10.1177/027836499000900206}, 
  URL = {http://ijr.sagepub.com/content/9/2/62.abstract}, 
  eprint = {http://ijr.sagepub.com/content/9/2/62.full.pdf+html}, 
  journal = {The International Journal of Robotics Research}
}

@article{kalman1960new,
  title={A new approach to linear filtering and prediction problems},
  author={Kalman, R.E.},
  journal={Journal of Basic Engineering},
  volume={82},
  number={1},
  pages={35--45},
  year={1960},
  publisher={Citeseer}
}

@misc{gym_duckietown,
  author = {Chevalier-Boisvert, Maxime and Golemo, Florian and Cao, Yanjun and Mehta, Bhairav and Paull, Liam},
  title = {Duckietown Environments for OpenAI Gym},
  year = {2018},
  publisher = {GitHub},
  journal = {GitHub repository},
  howpublished = {\url{https://github.com/duckietown/gym-duckietown}},
}

@techreport{humanDriving,
  author = {Eike Rehder, Jannik Quehl and Christoph Stiller},
  title = {Driving Like a Human: Imitation Learning for Path Planning using Convolutional Neural Networks},
  year = {2017},
  institute = {Institute of Measurement and Control Systems, Karlsruhe Institute of Technology, Karlsruhe, Germany}
}

@techreport{imitationLearning,
  author = {Alexandre Attia, Sharone Dayan},
  title = {Global overview of Imitation Learning},
  year = {2018},
  institute = {ENS Paris-Saclay}
}

@article{deepImitation,
  title={Deep imitation learning for 3D navigation tasks},
  author={Hussein, Ahmed},
  journal={Neural Computing \& Applications},
  volume={29},
  number={7},
  pages={389--404},
  year={2018}
}

@techreport{lstm,
  author = {Zhengwei Bai},
  title = {Deep Learning Based Motion Planning For Autonomous Vehicle Using Spatiotemporal LSTM Network},
  year = {2019},
  institute = {Beijing Jiaotong University}
}

@techreport{dagger,
  author = {St√©phane Ross},
  title = {A Reduction of Imitation Learning and Structured Prediction to No-Regret Online Learning},
  year = {2011},
  institute = {Carnegie Mellon University}
}

@techreport{agile,
  author = {Yunpeng Pan},
  title = {Agile Autonomous Driving using End-to-End Deep Imitation Learning},
  year = {2019},
  institute = {Institute for Robotics and Intelligent Machines, Georgia Institute of Technology}
}

@techreport{waymo,
  author = {Mayank Bansal},
  title = {ChauffeurNet: Learning to Drive by Imitating the Best and Synthesizing the Worst},
  year = {2018},
  institute = {Waymo}
}